@report{mfcandido2018,
	author = {Marcelo Lopes de Macedo Ferreira Cândido and Luis Alberto D'Afonseca},
	title = {Modelagem Matemática da Propagação de Ondas em Meios Não Homogêneos},
	type = {Iniciação Científica},
	institution = {Centro Federal de Educação Tecnológica de Minas Gerais},
	date = {2018},
	OPTurl = {url},
	OPTurldate = {urldate},
}
@misc{wiki:JvN,
    author = "{Wikipedia contributors}",
    title = "John von Neumann --- {Wikipedia}{,} The Free Encyclopedia",
    year = "2019",
    howpublished = "\url{https://en.wikipedia.org/w/index.php?title=John_von_Neumann&oldid=877494851}",
    note = "[Online; accessed 9-January-2019]"
}

@BOOK {Catsoulis,
    author    = "John Catsoulis",
    title     = "Designing Embedded Hardware",
    publisher = "O'REILLY",
    year      = "2009"
}

@ONLINE {LLNL:parcomp,
    author = "Blaise Barney",
    title  = "Introduction to Parallel Computing",
    month  = "jun",
    year   = "2018",
    url    = "https://computing.llnl.gov/tutorials/parallel_comp/"
}

@ONLINE {techo:hpc,
    author = "Techopedia",
    title  = "High-Performance Computing (HPC)",
    url    = "https://www.techopedia.com/definition/4595/high-performance-computing-hpc"
}

@misc{wiki:comparch,
    author = "{Wikipedia contributors}",
    title = "Computer architecture --- {Wikipedia}{,} The Free Encyclopedia",
    year = "2019",
    howpublished = "\url{https://en.wikipedia.org/w/index.php?title=Computer_architecture&oldid=876516273}",
    note = "[Online; accessed 12-January-2019]"
}


@online{wiki:address,
	author = {Wikipedia contributors},
	title = {Address space --- {Wikipedia}{,} The Free Encyclopedia},
	date = {2019},
	url = {https://en.wikipedia.org/w/index.php?title=Address_space&oldid=881301824},
	year = "2019",
	note = "[Online; accessed 22-February-2019]"
}

@online{LLNL:pthreads,
	author = {Blaise Barney},
	title = {Pthreads},
	date = {2017},
	url = {https://computing.llnl.gov/tutorials/pthreads/},
	note = {Acessado em 24/02/2019},
}

@misc{wiki:API,
	author = "{Wikipedia contributors}",
	title = "Application programming interface --- {Wikipedia}{,} The Free Encyclopedia",
	year = "2019",
	howpublished = "\url{https://en.wikipedia.org/w/index.php?title=Application_programming_interface&oldid=884701073}",
	note = "[Online; accessed 24-February-2019]"
}

@misc{wiki:POSIX,
	author = "Wikipédia",
	title = "POSIX --- Wikipédia{,} a enciclopédia livre",
	year = "2018",
	url = "\url{https://pt.wikipedia.org/w/index.php?title=POSIX&oldid=51373634}",
	note = "[Online; accessed 26-fevereiro-2018]"
}

@misc{ wiki:dependencies,
	author = "{Wikipedia contributors}",
	title = "Dependence analysis --- {Wikipedia}{,} The Free Encyclopedia",
	year = "2018",
	howpublished = "\url{https://en.wikipedia.org/w/index.php?title=Dependence_analysis&oldid=841756105}",
	note = "[Online; accessed 7-March-2019]"
}

@online{slide:adv-microarch,
	author = {Gabriel P. Silva},
	title = {Microarquiteturas Avançadas},
	date = {2009},
	url = {http://www.dcc.ufrj.br/~gabriel/arqcomp2/Avancadas.pdf}
}

@online{ wiki:moorelaw,
	author = "{Wikipedia contributors}",
	title = "Moore's law --- {Wikipedia}{,} The Free Encyclopedia",
	year = "2019",
	url = "https://en.wikipedia.org/w/index.php?title=Moore%27s_law&oldid=886664781",
	note = "[Online; accessed 7-March-2019]"
}